<?xml version="1.0" encoding="UTF-8"?><collection xmlns="http://www.loc.gov/MARC21/slim"><record><leader>00370nam--2200133-i-4500</leader><controlfield tag="001">000031655</controlfield><controlfield tag="002">20161230</controlfield><controlfield tag="005">20161230201038</controlfield><controlfield tag="008">060222s1000------------r-----000-0-eng-d</controlfield><datafield ind1=" " ind2=" " tag="100"><subfield code="a">Lindmayer, Joseph</subfield></datafield><datafield ind1=" " ind2=" " tag="245"><subfield code="a">Wrigley, charles y</subfield></datafield><datafield ind1=" " ind2=" " tag="260"><subfield code="a">Fundamentals Of Semiconductor Devices</subfield></datafield><datafield ind1=" " ind2=" " tag="490"><subfield code="a">The Van Nostrand Series In Electronics And Communications</subfield></datafield><datafield ind1=" " ind2=" " tag="852"><subfield code="a">621.382</subfield></datafield></record></collection>